<?xml version="1.0" encoding="UTF-8"?><collection xmlns="http://www.loc.gov/MARC21/slim"><record><leader>00407nam--2200133-i-4500</leader><controlfield tag="001">000044645</controlfield><controlfield tag="002">20161230</controlfield><controlfield tag="005">20161230201044</controlfield><controlfield tag="008">060222s1000------------r-----000-0-eng-d</controlfield><datafield ind1=" " ind2=" " tag="100"><subfield code="a">Thiounn, Mumm</subfield></datafield><datafield ind1=" " ind2=" " tag="245"><subfield code="a">Solutions singulieres des equations de dirac et theorie de la double solution de mr.l.de broglie</subfield></datafield><datafield ind1=" " ind2=" " tag="260"><subfield code="a">Paris, La Falculte Des Sciences De L`Univ., 1965, 50p</subfield></datafield><datafield ind1=" " ind2=" " tag="490"><subfield code="a">Theses</subfield></datafield><datafield ind1=" " ind2=" " tag="852"><subfield code="a">22765</subfield></datafield></record></collection>